@article{astrachan2003bubble,
  title={Bubble sort: an archaeological algorithmic analysis},
  author={Astrachan, Owen},
  journal={ACM Sigcse Bulletin},
  volume={35},
  number={1},
  pages={1--5},
  year={2003},
  publisher={ACM New York, NY, USA}
}

@article{mishra2008selection,
  title={Selection of best sorting algorithm},
  author={Mishra, Aditya Dev and Garg, Deepak},
  journal={International Journal of intelligent information Processing},
  volume={2},
  number={2},
  pages={363--368},
  year={2008}
}

@article{sodhi2013enhanced,
  title={Enhanced insertion sort algorithm},
  author={Sodhi, Tarundeep Singh and Kaur, Surmeet and Kaur, Snehdeep},
  journal={International journal of Computer applications},
  volume={64},
  number={21},
  year={2013},
  publisher={Citeseer}
}

@article{hoare1962quicksort,
  title={Quicksort},
  author={Hoare, Charles AR},
  journal={The computer journal},
  volume={5},
  number={1},
  pages={10--16},
  year={1962},
  publisher={Oxford University Press}
}

@book{knuth1998taocp3,
  author         = {Knuth, Donald},
  publisher      = {Addison-Wesley},
  title          = {The Art of Computer Programming. Vol. 3 (2nd ed.)},
  year           = {1998},
  pages          = {158--168}
}