@misc{catreg2021,
  author       = {Benjamin Stokell, Daniel Grose, Rajen Shah},
  howpublished = {Online},
  title        = {CatReg: Solution Paths for Linear and Logistic Regression Models with Categorical Predictors, with SCOPE Penalty},
  year         = {2021-06-14},
  url          = {https://CRAN.R-project.org/package=CatReg},  
}